<?xml version="1.0" encoding="UTF-8" ?>
<collection xmlns:xsi="http://www.w3.org/2001/XMLSchema-instance"
    xsi:schemaLocation="http://www.loc.gov/MARC21/slim
        http://www.loc.gov/standards/marcxml/schema/MARC21slim.xsd"
    xmlns="http://www.loc.gov/MARC21/slim">
<record>
  <leader>00277cam a2200541 ia4500</leader>
  <controlfield tag="001">b12774832</controlfield>
  <controlfield tag="003">LeBAU</controlfield>
  <controlfield tag="005">20170424</controlfield>
  <controlfield tag="008">971121s1951    sy       b    ||0 0 ara d</controlfield>
  <datafield tag="035" ind1=" " ind2=" ">
    <subfield code="a">ocn784510252</subfield>
  </datafield>
  <datafield tag="040" ind1=" " ind2=" ">
    <subfield code="a">LEAUB</subfield>
    <subfield code="b">ara</subfield>
    <subfield code="e">rda</subfield>
    <subfield code="c">LEAUB</subfield>
    <subfield code="d">LEAUB</subfield>
  </datafield>
  <datafield tag="082" ind1="0" ind2="4">
    <subfield code="a">320.1</subfield>
    <subfield code="2">22</subfield>
  </datafield>
  <datafield tag="100" ind1="1" ind2=" ">
    <subfield code="6">880-01</subfield>
    <subfield code="a">Saʻādah, Anṭūn,</subfield>
    <subfield code="d">1904-1949,</subfield>
    <subfield code="e">author.</subfield>
  </datafield>
  <datafield tag="245" ind1="1" ind2="0">
    <subfield code="6">880-02</subfield>
    <subfield code="a">Nushūʼ al-umam /</subfield>
    <subfield code="c">Anṭūn Saʻādah.</subfield>
  </datafield>
  <datafield tag="250" ind1=" " ind2=" ">
    <subfield code="6">880-03</subfield>
    <subfield code="a">al-Ṭab‘ah al-thānīyan, munaqqaḥah bi-qalam al-mu’allif.</subfield>
  </datafield>
  <datafield tag="264" ind1=" " ind2="1">
    <subfield code="6">880-04</subfield>
    <subfield code="a">Dimashq :</subfield>
    <subfield code="b">[Anṭūn Saʻādah],</subfield>
    <subfield code="c">1951.</subfield>
  </datafield>
  <datafield tag="300" ind1=" " ind2=" ">
    <subfield code="6">880-05</subfield>
    <subfield code="a">1 volume ([7], b-j, 183 pages) ;</subfield>
    <subfield code="c">24 cm</subfield>
  </datafield>
  <datafield tag="336" ind1=" " ind2=" ">
    <subfield code="a">text</subfield>
    <subfield code="b">txt</subfield>
    <subfield code="2">rdacontent</subfield>
  </datafield>
  <datafield tag="337" ind1=" " ind2=" ">
    <subfield code="a">unmediated</subfield>
    <subfield code="b">n</subfield>
    <subfield code="2">rdamedia</subfield>
  </datafield>
  <datafield tag="338" ind1=" " ind2=" ">
    <subfield code="a">volume</subfield>
    <subfield code="b">nc</subfield>
    <subfield code="2">rdacarrier</subfield>
  </datafield>
  <datafield tag="500" ind1=" " ind2=" ">
    <subfield code="a">من المرجح بأنه لم يتم اصدار أي جزء آخر حتى سنة 2017.</subfield>
  </datafield>
  <datafield tag="504" ind1=" " ind2=" ">
    <subfield code="a">يتضمن مراجع ببليوغرافية (صفحات [1-4])</subfield>
  </datafield>
  <datafield tag="541" ind1=" " ind2=" ">
    <subfield code="c">هبة؛</subfield>
    <subfield code="a">د. سمير الصليبي؛</subfield>
    <subfield code="3">نسخة مكتبة يافث.</subfield>
  </datafield>
  <datafield tag="541" ind1=" " ind2=" ">
    <subfield code="c">هبة؛</subfield>
    <subfield code="a">مكتبة د. نديم بيطار؛</subfield>
    <subfield code="3">النسخة الثانية لقسم الارشيف و المجموعات الخاصة.</subfield>
  </datafield>
  <datafield tag="650" ind1=" " ind2="4">
    <subfield code="a">الدولة.</subfield>
  </datafield>
  <datafield tag="650" ind1=" " ind2="4">
    <subfield code="a">علم السياسة.</subfield>
  </datafield>
  <datafield tag="650" ind1=" " ind2="0">
    <subfield code="a">State, The.</subfield>
  </datafield>
  <datafield tag="650" ind1=" " ind2="0">
    <subfield code="a">Political science.</subfield>
  </datafield>
  <datafield tag="775" ind1="0" ind2=" ">
    <subfield code="6">880-06</subfield>
    <subfield code="t">Nushūʼ al-umam</subfield>
    <subfield code="d">Bayrūt : Anṭūn Saʻādah, 1938</subfield>
    <subfield code="w">(OCoLC)784510253</subfield>
    <subfield code="w">(OCoLC)784510253</subfield>
  </datafield>
  <datafield tag="775" ind1="0" ind2=" ">
    <subfield code="6">880-07</subfield>
    <subfield code="t">Nushūʼ al-umam: al-nuskhah al-aṣlīyah kamā naqqaḥahā al-mu’allif.</subfield>
    <subfield code="b">al-Ṭab‘ah al-ūlá</subfield>
    <subfield code="d">Bayrūt : Fajr al-Nahḍah, 2007</subfield>
    <subfield code="w">b18274201</subfield>
  </datafield>
  <datafield tag="775" ind1="0" ind2=" ">
    <subfield code="6">880-08</subfield>
    <subfield code="t">Nushūʼ al-umam</subfield>
    <subfield code="d">Dimashq : Dār Ṭlās, 1986</subfield>
    <subfield code="w">b12400981</subfield>
    <subfield code="w">b12400981</subfield>
  </datafield>
  <datafield tag="775" ind1="0" ind2=" ">
    <subfield code="6">880-09</subfield>
    <subfield code="t">Nushūʼ al-umam</subfield>
    <subfield code="d">Bayrūt : ‘Umdat al-Thaqāfah fī al-Ḥizb al-Sūrī al-Qawmī al-Ijtimā‘ī, 1976</subfield>
    <subfield code="w">b12401006</subfield>
    <subfield code="w">b12401006</subfield>
  </datafield>
  <datafield tag="852" ind1=" " ind2=" ">
    <subfield code="a">Jafet Archives and Special Collections</subfield>
    <subfield code="e">American University of Beirut, Bliss Street , Beirut, Lebanon.</subfield>
  </datafield>
  <datafield tag="880" ind1="1" ind2=" ">
    <subfield code="6">100-01/(3/r</subfield>
    <subfield code="a">سعادة، انطون،</subfield>
    <subfield code="d">1904-1949،</subfield>
    <subfield code="e">مؤلف. </subfield>
    <subfield code="4">aut.</subfield>
  </datafield>
  <datafield tag="880" ind1="1" ind2="0">
    <subfield code="6">245-02/(3/r</subfield>
    <subfield code="a">نشوء الأمم /</subfield>
    <subfield code="c">أنطون سعاده.</subfield>
  </datafield>
  <datafield tag="880" ind1=" " ind2=" ">
    <subfield code="6">250-03/(3/r</subfield>
    <subfield code="a">الطبعة الثانية، منقحة بقلم المؤلف.</subfield>
  </datafield>
  <datafield tag="880" ind1=" " ind2="1">
    <subfield code="6">264-04/(3/r</subfield>
    <subfield code="a">دمشق :</subfield>
    <subfield code="b">[أنطون سعادة]،</subfield>
    <subfield code="c">1951.</subfield>
  </datafield>
  <datafield tag="880" ind1=" " ind2=" ">
    <subfield code="6">300-05/(3/r</subfield>
    <subfield code="a">1 كتاب ([7]، ب-ج، 183 صفحة) ؛</subfield>
    <subfield code="c">24 سم</subfield>
  </datafield>
  <datafield tag="880" ind1="0" ind2=" ">
    <subfield code="6">775-06/(3/r</subfield>
    <subfield code="t">نشوء الأمم</subfield>
    <subfield code="d">بيروت : أنطون سعادة، 1938</subfield>
    <subfield code="w">b12774844</subfield>
    <subfield code="w">(OCoLC)784510253</subfield>
  </datafield>
  <datafield tag="880" ind1="0" ind2=" ">
    <subfield code="6">775-07/(3/r</subfield>
    <subfield code="t">نشوء الأمم : النسخة الأصلية كما نقحها المؤلف.</subfield>
    <subfield code="b">الطبعة الأولى</subfield>
    <subfield code="d">بيروت : فجر النهضة، 2007</subfield>
    <subfield code="w">b18274201</subfield>
  </datafield>
  <datafield tag="880" ind1="0" ind2=" ">
    <subfield code="6">775-08/(3/r</subfield>
    <subfield code="t">نشوء الأمم</subfield>
    <subfield code="d">دمشق : دار طلاس، 1986</subfield>
    <subfield code="w">(OCoLC)784299086</subfield>
    <subfield code="w">b12400981</subfield>
  </datafield>
  <datafield tag="880" ind1="0" ind2=" ">
    <subfield code="6">775-09/(3/r</subfield>
    <subfield code="t">نشوء الأمم</subfield>
    <subfield code="d">بيروت : عمدة الثقافة في الحزب السوري القومي الاجتماعي، 1976</subfield>
    <subfield code="w">(OCoLC)784299088</subfield>
    <subfield code="w">b12401006</subfield>
  </datafield>
  <datafield tag="907" ind1=" " ind2=" ">
    <subfield code="a">.b12774832</subfield>
    <subfield code="b">17-04-28</subfield>
    <subfield code="c">11-05-24</subfield>
  </datafield>
  <datafield tag="907" ind1=" " ind2=" ">
    <subfield code="a">.b12774832</subfield>
    <subfield code="b">15-10-15</subfield>
    <subfield code="c">11-05-24</subfield>
  </datafield>
  <datafield tag="945" ind1=" " ind2=" ">
    <subfield code="f">CA</subfield>
    <subfield code="a">320.1:S111nu2A:v.1:c.1</subfield>
    <subfield code="i">01067809</subfield>
    <subfield code="j">.i13357694</subfield>
    <subfield code="l">u0304</subfield>
  </datafield>
  <datafield tag="945" ind1=" " ind2=" ">
    <subfield code="f">CA</subfield>
    <subfield code="a">320.1:S111nu2A:v.1:c.2</subfield>
    <subfield code="i">00508489</subfield>
    <subfield code="j">.i13357700</subfield>
    <subfield code="l">u0304</subfield>
  </datafield>
  <datafield tag="945" ind1=" " ind2=" ">
    <subfield code="f">J</subfield>
    <subfield code="a">320.1:S111nu2A:v.1</subfield>
    <subfield code="i">00486648</subfield>
    <subfield code="j">.i19849746</subfield>
    <subfield code="l">u0503</subfield>
  </datafield>
  <datafield tag="998" ind1=" " ind2=" ">
    <subfield code="a">(2)u03</subfield>
    <subfield code="a">u05</subfield>
    <subfield code="b">97-11-21</subfield>
    <subfield code="c">m</subfield>
    <subfield code="d">a</subfield>
    <subfield code="e">-</subfield>
    <subfield code="f">ara</subfield>
    <subfield code="g">sy </subfield>
    <subfield code="h">0</subfield>
    <subfield code="i">2</subfield>
  </datafield>
</record>
</collection>
